<?xml version="1.0" encoding="UTF-8"?><record xmlns="http://www.loc.gov/MARC21/slim" xmlns:cinclude="http://apache.org/cocoon/include/1.0" xmlns:zs="http://www.loc.gov/zing/srw/">
  <leader>00385nz  a2200121n  4500</leader>
  <controlfield tag="001">nr 94042875 </controlfield>
  <controlfield tag="003">DLC</controlfield>
  <controlfield tag="005">19941216060030.4</controlfield>
  <controlfield tag="008">941215n| acannaab|          |n aaa     c</controlfield>
  <datafield tag="010" ind1=" " ind2=" ">
    <subfield code="a">nr 94042875 </subfield>
  </datafield>
  <datafield tag="040" ind1=" " ind2=" ">
    <subfield code="a">TxFACM</subfield>
    <subfield code="c">TxFACM</subfield>
  </datafield>
  <datafield tag="100" ind1="1" ind2="0">
    <subfield code="a">Ridgway, Linda,</subfield>
    <subfield code="d">1947-</subfield>
  </datafield>
  <datafield tag="670" ind1=" " ind2=" ">
    <subfield code="a">Texas axis : 4 artists exploring space, 1994:</subfield>
    <subfield code="b">t.p. (Linda Ridgway) p. 12 (b. Jeffersonville, IN, 1947; lives in Dallas)</subfield>
  </datafield>
</record>